@misc{online:how_does_scraping_work,
author = {Octoparse},
title = {What is Web Scraping and How Does It Work | Octoparse},
howpublished = {\url{https://www.octoparse.com/blog/web-scraping-introduction#}},
month = {October},
year = {2018},
note = {(Accessed on 03/30/2021)}
}
@misc{JanCurna:online,
author = {Karel Wolf},
title = {Jan Čurn (Apify): Z webu stahujeme už miliardu stránek měsíčně - Lupa.cz},
howpublished = {\url{https://www.lupa.cz/clanky/jan-curn-apify-z-webu-stahujeme-uz-miliardu-stranek-mesicne/}},
month = {January},
year = {2020},
note = {(Accessed on 03/30/2021)}
}
@misc{WebScrap,
author = {Javatpoint},
title = {Web Scraping Using Python - Javatpoint},
howpublished = {\url{https://www.javatpoint.com/web-scraping-using-python}},
month = {},
year = {},
note = {(Accessed on 03/31/2021)}
}
@misc{Javascript,
author = {mozilla},
title = {What is JavaScript? - Learn web development | MDN},
howpublished = {\url{https://developer.mozilla.org/en-US/docs/Learn/JavaScript/First_steps/What_is_JavaScript}},
month = {},
year = {},
note = {(Accessed on 03/31/2021)}
}
@misc{The5Best,
author = {prowebscraper},
title = {The 5 Best Programming Languages for Web Scraping – ProWebScraper},
howpublished = {\url{https://prowebscraper.com/blog/best-programming-language-for-web-scraping/}},
month = {},
year = {},
note = {(Accessed on 03/31/2021)}
}
@misc{Moduleco,
author = {},
title = {Modulecounts},
howpublished = {\url{http://www.modulecounts.com/}},
month = {},
year = {},
note = {(Accessed on 03/31/2021)}
}
@misc{HowPopular,
author = {Eric Elliott},
title = {How Popular is JavaScript in 2019? | by Eric Elliott | JavaScript Scene | Medium},
howpublished = {\url{https://medium.com/javascript-scene/how-popular-is-javascript-in-2019-823712f7c4b1}},
month = {May},
year = {2019},
note = {(Accessed on 03/31/2021)}
}
@misc{Differences,
author = {tarun007},
title = {Difference between cheerio and puppeteer - GeeksforGeeks},
howpublished = {\url{https://www.geeksforgeeks.org/difference-between-cheerio-and-puppeteer/}},
month = {July},
year = {2020},
note = {(Accessed on 03/31/2021)}
}
@misc{WhatisHTML,
author = {w3schools},
title = {What is HTML},
howpublished = {\url{https://www.w3schools.com/whatis/whatis_html.asp}},
month = {},
year = {},
note = {(Accessed on 04/01/2021)}
}
@misc{DOM,
author = {mozilla},
title = {Introduction to the DOM - Web APIs | MDN},
howpublished = {\url{https://developer.mozilla.org/en-US/docs/Web/API/Document_Object_Model/Introduction}},
month = {},
year = {},
note = {(Accessed on 04/01/2021)}
}
@misc{CSSIntro,
author = {w3schools},
title = {CSS Introduction},
howpublished = {\url{https://www.w3schools.com/css/css_intro.asp}},
month = {},
year = {},
note = {(Accessed on 04/01/2021)}
}
@misc{JSON,
author = {},
title = {JSON},
howpublished = {\url{https://www.json.org/json-en.html}},
month = {},
year = {},
note = {(Accessed on 04/01/2021)}
}
@misc{Node,
author = {nodejs},
title = {About | Node.js},
howpublished = {\url{https://nodejs.org/en/about/}},
month = {},
year = {},
note = {(Accessed on 04/02/2021)}
}
@misc{npm,
author = {nodejs},
title = {What is npm? | Node.js},
howpublished = {\url{https://nodejs.org/en/knowledge/getting-started/npm/what-is-npm/}},
month = {August},
year = {2011},
note = {(Accessed on 04/03/2021)}
}
@misc{puppeteer,
author = {Puppeteer},
title = {Puppeteer v8.0.0},
howpublished = {\url{https://pptr.dev/}},
month = {},
year = {},
note = {(Accessed on 04/03/2021)}
}
@misc{devtools,
author = {chromedevtools},
title = {Chrome DevTools Protocol},
howpublished = {\url{https://chromedevtools.github.io/devtools-protocol/}},
month = {},
year = {},
note = {(Accessed on 04/03/2021)}
}
@misc{chromium,
author = {},
title = {Headless Chromium},
howpublished = {\url{https://chromium.googlesource.com/chromium/src/+/lkgr/headless/README.md}},
month = {},
year = {},
note = {(Accessed on 04/03/2021)}
}
@Inbook{precrecall,
author="Ting, Kai Ming",
editor="Sammut, Claude and Webb, Geoffrey I.",
title="Precision and Recall",
bookTitle="Encyclopedia of Machine Learning",
year="2010",
publisher="Springer US",
address="Boston, MA",
pages="781--781",
isbn="978-0-387-30164-8",
howpublished = {\url{https://doi.org/10.1007/978-0-387-30164-8_652}}
}
@bachelorsthesis{mastera,
    author = "František Maštera",
    type = "Bakal\'{a}\v{r}sk\'{a} pr\'{a}ce",
    title = "Inteligentní extrakce dat ve webovém prohlížeči",
    school = "Vysok\'{e} u\v{c}en\'{i} technick\'{e} v Brn\v{e}, Fakulta informa\v{c}n\'{i}ch technologi\'{i}",
    year = 2021,
    location = "Brno, CZ",
    language = "czech"
}
@misc{scrapers,
author = {},
title = {15 Best Web Scraping Tools for Data Extraction in 2021},
howpublished = {\url{https://www.guru99.com/web-scraping-tools.html}},
month = {},
year = {},
note = {(Accessed on 04/18/2021)}
}
